<?xml version="1.0" encoding="UTF-8"?><collection xmlns="http://www.loc.gov/MARC21/slim"><record><leader>00587nam--2200205-u-4500</leader><controlfield tag="001">000056783</controlfield><controlfield tag="002">20190705</controlfield><controlfield tag="005">20190705044853</controlfield><controlfield tag="008">190705s1000------------r-----000-0-rum-d</controlfield><datafield ind1=" " ind2=" " tag="040"><subfield code="a">IFIN-HH</subfield></datafield><datafield ind1=" " ind2=" " tag="041"><subfield code="a">rum</subfield></datafield><datafield ind1="1" ind2=" " tag="100"><subfield code="a">Samueli, J.-j</subfield></datafield><datafield ind1="1" ind2="0" tag="245"><subfield code="a">Instrumentatia electronica in fizica nucleara. (Masurari de timp si de energie)</subfield><subfield code="c">J.-J Samueli, J. Pigneret; A. Sarazin</subfield></datafield><datafield ind1=" " ind2=" " tag="260"><subfield code="a">Bucuresti</subfield><subfield code="b">Editura tehnica</subfield><subfield code="c">1972</subfield></datafield><datafield ind1=" " ind2=" " tag="300"><subfield code="a">327 p</subfield></datafield><datafield ind1=" " ind2=" " tag="500"><subfield code="a">Donatie Dan Brancus</subfield></datafield><datafield ind1="1" ind2=" " tag="700"><subfield code="a">Pigneret, J</subfield></datafield><datafield ind1=" " ind2=" " tag="700"><subfield code="a">Sarazin, A</subfield></datafield><datafield ind1=" " ind2=" " tag="852"><subfield code="a">82719</subfield><subfield code="c">621.3</subfield></datafield><datafield ind1=" " ind2=" " tag="CAT"><subfield code="a">SYS</subfield><subfield code="c">20190705</subfield><subfield code="h">044853</subfield></datafield></record></collection>